%
@BOOK{
PALMER:1,
AUTHOR="Grant Palmer",
TITLE="Physics for Game Programmers",
YEAR="2005",
PUBLISHER="Apress",
ISBN="978-1-59059-472-8",
}
@MISC{
NASA:1,
TITLE="Ganymede in depth",
AUTHOR="NASA, Phil Davis",
HOWPUBLISHED="\url{https://solarsystem.nasa.gov/moons/jupiter-moons/ganymede/in-depth/}",
YEAR=2021,
NOTE="Accessed: 2023-01-21"
}
@BOOK{
SJGTHS:1,
AUTHOR="David Pulver",
TITLE="Transhuman Space",
YEAR="2002",
PUBLISHER="Steve Jackson Games",
ISBN="1-55634-454-6",
}
@MISC{
	COADE:1,
	TITLE="Children of a Dead Earth Origin Stories",
	AUTHOR="qswitched",
	HOWPUBLISHED="\url{https://childrenofadeadearth.wordpress.com/2016/05/06/origin-stories/}",
	YEAR=2016,
	NOTE="Accessed: 2023-02-22"
}